
@article{taxonomy,
 author = {Scharstein, Daniel and Szeliski, Richard},
 title = {A Taxonomy and Evaluation of Dense Two-Frame Stereo Correspondence Algorithms},
 journal = {Int. J. Comput. Vision},
 issue_date = {April-June 2002},
 volume = {47},
 number = {1-3},
 month = apr,
 year = {2002},
 issn = {0920-5691},
 pages = {7--42},
 numpages = {36},
 url = {http://dx.doi.org/10.1023/A:1014573219977},
 doi = {10.1023/A:1014573219977},
 acmid = {598475},
 publisher = {Kluwer Academic Publishers},
 address = {Hingham, MA, USA},
 keywords = {evaluation of performance, stereo correspondence software, stereo matching survey},
}

@article{nvidia-opencl-manual,
author = {Nvidia},
title = {OpenCL Programming Guide for the CUDA Arhcitecture},
year = {2011}
}

@article{bt,
author = {Stan Birchfield and Carlo Tomasi},
title = {A Pixel Dissimilarity Measure That Is Insensitive to Image Sampling},
year = {1998},
}
@manual{cl-spec,
  added-at = {2009-09-10T14:36:22.000+0200},
  author = {{Khronos OpenCL Working Group}},
  biburl = {http://www.bibsonomy.org/bibtex/2f27b3794b8bb531800e71e0c1bad328f/gregoryy},
  interhash = {523238fb8572f0681867457896fdda6b},
  intrahash = {f27b3794b8bb531800e71e0c1bad328f},
  keywords = {imported},
  month = {8 December},
  owner = {gregor},
  timestamp = {2009-09-10T14:36:22.000+0200},
  title = {The OpenCL Specification, version 1.0.29},
  url = {http://khronos.org/registry/cl/specs/opencl-1.0.29.pdf},
  year = 2008
}

@online{cl-spec2,
author = {Khronos OpenCL Working Group},
title = {The OpenCL Specification},
year = {2011},
Howpublished = {\url{http://www.khronos.org/registry/cl/specs/opencl-1.1.pdf}}
}

@online{ibm-opencl,
author = {IBM},
title = {Developer Works, OpenCL Lounge},
Howpublished = {\url{https://www.ibm.com/developerworks/community/alphaworks/tech/opencl}}
}

@online{nvidia-opencl,
author = {Nvidia},
title = {Nvidia Developer Zone},
Howpublished = {\url{https://developer.nvidia.com/opencl}}
}

@online{amd-opencl,
author = {AMD},
title = {AMD Developer Central},
Howpublished = {\url{http://developer.amd.com/tools/hc/Pages/default.aspx}}
}

@online{intel-opencl,
author = {Intel},
title = {Intel Developer Zone},
Howpublished = {\url{http://software.intel.com/en-us/vcsource/tools/opencl-sdk}}
}

@online{hadoop,
author = {Apache},
title = {Apache Hadoop},
Howpublished = {\url{http://hadoop.apache.org/},}
}

@online{openmp,
author = {OpenMP Architecture Review Board},
title = {Open Multiprocessing},
Howpublished = {\url{http://openmp.org},}
}

@online{computer-vision-book,
author = {Richard Szeliski},
title = {Computer Vision: Algorithms and Applications},
year = {2010},
Howpublished = {\url{http://szeliski.org/Book},}
}

@online{nvidia-best-practice,
author = {Nvidia},
title = {OpenCL Best Practices Guide},
year = {2012},
Howpublished = {\url{http:www.com}},}

@INPROCEEDINGS{loop-zhang,
    author = {Charles Loop and Zhengyou Zhang},
    title = {Computing Rectifying Homographies for Stereo Vision},
    booktitle = {},
    year = {1999},
    pages = {125--131},
    publisher = {}
}